<?xml version="1.0" encoding="UTF-8"?><collection xmlns="http://www.loc.gov/MARC21/slim"><record><leader>00501nam--2200193-u-4500</leader><controlfield tag="001">000055169</controlfield><controlfield tag="002">20161230</controlfield><controlfield tag="005">20161230201052</controlfield><controlfield tag="008">121108s1000------------r-----000-0-rus-d</controlfield><datafield ind1=" " ind2=" " tag="040"><subfield code="a">IFIN-HH</subfield></datafield><datafield ind1=" " ind2=" " tag="041"><subfield code="a">rus</subfield></datafield><datafield ind1=" " ind2=" " tag="080"><subfield code="a">778.4</subfield></datafield><datafield ind1="1" ind2=" " tag="100"><subfield code="a">Svart, K.K</subfield></datafield><datafield ind1="1" ind2="0" tag="245"><subfield code="a">Fizika opticeskoi zapisi v dielektrikah i poluprovodnikah</subfield><subfield code="c">K.k. svart</subfield></datafield><datafield ind1=" " ind2=" " tag="260"><subfield code="a">Riga</subfield><subfield code="b">Zinatne</subfield><subfield code="c">1986</subfield></datafield><datafield ind1=" " ind2=" " tag="300"><subfield code="a">230P</subfield></datafield><datafield ind1=" " ind2=" " tag="490"><subfield code="a">Seria Fizika Tverdogo Sostoiania</subfield></datafield><datafield ind1=" " ind2=" " tag="852"><subfield code="a">73785</subfield><subfield code="c">539.2</subfield></datafield><datafield ind1=" " ind2=" " tag="CAT"><subfield code="a">Sys</subfield><subfield code="c">20121108</subfield><subfield code="h">163858</subfield></datafield></record></collection>